@Book{fernandes:1973,
	author		= {P. J. Fernandes},
	title		= {Introdução à Teoria das Probabilidades.},
	note		= {Rio de Janeiro: Livros Técnicos e Científicos; Brasília: Editora Universidade de Brasília},
	year		= {1973}	
}

@Book{james:2011,
	author		= {B. R. James},
	title		= {Probabilidade: um curso em nível intermediário},
	note		= {3. ed. Rio de Janeiro: IMPA},
	year		= {2011}
}

@Book{mckinney:2018,
	author		= {W. McKinney},
	title		= {Python para Análise de Dados: tratamento de dados com Pandas, Numpy e Ipython},
	note		= {trad. Lúcia A. Kinoshita. 1. ed. 2. reimpressão. São Paulo, Novatec},
	year		= {2018}	
}

@Book{hegde:2004,
	author		= {V. Hegde},
	title		= {Programmer's Toolkit: Profiling programs using gprof},
	note		= {{\textit{In: } Linux Gazzette - March 2004 ($\sharp$100). Disponível em: \url{https://linuxgazette.net/100/vinayak.html}. Acesso em: 16 mai. 2022}},
	year		= {2004}

}

@Book{numba:2022,
	author		= {Numba},
	title		= {Numba Documentation},
	note		= {Disponível em: \url{https://numba.readthedocs.io/en/stable/user/index.html}. Acesso em: 16 mai. 2022},
	year		= {2022}

}

@Book{perkovic:2016,
	author		= {L. Perkovic},
	title		= {Introdução à computação usando \textit{Python}: um foco no desenvolvimento de aplicações},
	note		= {trad. Daniel Vieira. 1. ed. Rio de Janeiro, LTC},
	year		= {2016}
}

@Book{fernandez:2015,
	author		= {M. P. Fernandez},
	title		= {Arquitetura de Computadores},
	note		= {3. ed. Fortaleza, EdUECE},
	year		= {2015}
}

@Book{oliveira:2015,
	author  = {J. A. Oliveira},
	title   = "{Otimização de desempenho computacional do sistema de análise de imagens faciais PhotoQuality}",
	note    = {81 p. Monografia (Graduação em Computação - Licenciatura), Universidade de Brasília, Brasília},
	year	= {2015}
	
}

@Book{silvakodama:2007,
	author		= {A. F. Silva and H. M. Y. Kodama},
	title		= {Variações de um mesmo tema: Zigue-Zague e as expressões numéricas},
	note 		= {Núcleos de ensino da UNESP artigos 2007, São Paulo, p. 747 - 759},
	year		= {2007}
}

@Book{fonseca:2022,
	author	= {J. Fonseca},
	title	= {gprof2dot. Disponível em: \url{https://github.com/jrfonseca/gprof2dot}. Acesso em: 22 ago. 2022},
	year	= {2022}
}

@Book{snakeviz:2022,
	author	= {SnakeViz},
	title	= {SnakeViz. Disponível em: \url{https://jiffyclub.github.io/snakeviz/#snakeviz}. Acesso em: 22 ago. 2022},
	year	= {2022}
}

@Book{python:2022,
	author	= {Python},
	title	= {The Python Profilers. Disponível em: \url{https://docs.python.org/3/library/profile.html}. Acesso em: 23 ago. 2022},
	year	= {2022},

}

@Book{unesp:2022,
	author		= {UNESP/IBILCE},
	title		= {Jogos no Ensino Fundamental II: 6º ao 9º Ano},
	note		= {Departamento de Matemática. Laboratório de Matemática. Disponível em: \url{https://www.ibilce.unesp.br/#!/departamentos/matematica/extensao/lab-mat/jogos-no-ensino-de-matematica/6-ao-9-ano/}. Acesso em: 28 fev. 2022},
	year		= {2022}

}
